<mx:record xmlns="http://www.w3.org/TR/xhtml1/strict" xmlns:mx="http://www.loc.gov/MARC21/slim" xmlns:xsi="http://www.w3.org/2001/XMLSchema-instance"><mx:leader>00000nz   2200000n  0000</mx:leader><mx:controlfield tag="001">oca03819536 </mx:controlfield><mx:controlfield tag="005">19950419174624.7</mx:controlfield><mx:controlfield tag="008">950419n| acannaab|          |n aaa |||  </mx:controlfield><mx:datafield ind1=" " ind2=" " tag="010"><mx:subfield code="a">n  95038772</mx:subfield></mx:datafield><mx:datafield ind1=" " ind2=" " tag="040"><mx:subfield code="a">DLC</mx:subfield><mx:subfield code="c">DLC</mx:subfield></mx:datafield><mx:datafield ind1="0" ind2=" " tag="100"><mx:subfield code="a">Alexis,</mx:subfield><mx:subfield code="d">ca. 372-270 B.C.</mx:subfield></mx:datafield><mx:datafield ind1=" " ind2=" " tag="670"><mx:subfield code="a">Alexis-- the fragments, 1996.</mx:subfield></mx:datafield><mx:datafield ind1=" " ind2=" " tag="670"><mx:subfield code="a">Oxford classical dict., 1949</mx:subfield><mx:subfield code="b">(Alexis, ca. 372-270 B.C.; Middle Comedy poet, b. Thurii, naturalized and lived in Athens, wrote 245 plays)</mx:subfield></mx:datafield></mx:record>